% mindboard

@book{jacob99,
    author =  "Ivar Jacobson and Grady Booch and James Rumbaugh",
    keywords =    "olit-ood book",
    publisher =   "Addison Wesley",
    title =   "The Unified Software Development Process",
    year =    "1999",
}

@Book{pressman06,
    author =  "Roger S. Pressman",
    title =   "Engenharia de Software",
    publisher =   "McGraw-Hill",
    year =    "2006",
    address = "São Paulo, SP",
    edition = "Sexta Edição"
}

@mastersthesis{joao_pu,
    author      = {João Luiz Bernardes, Junior},
    title       = {Desenvolvimento de um ambiente para visualização tridimensional da dinâmica de risers},
    school      = {Escola Politécnica, Universidade de São Paulo},
    year        = {2004},
    address     = {São Paulo},
    url = {http://www.teses.usp.br/teses/disponiveis/3/3132/tde-22092005-202846/pt-br.php},
    Urlaccessdate = "24.07.2014"
}




@article{teste1,
author 		= {Nina Amenta and Sunghee Choi and Tamal K. Dey and N. Leekha},
title 		= {A Simple Algorithm for Homeomorphic Surface Reconstruction},
journal 	= {International Journal of Computational Geometry and Applications},
publisher = {World Scientific Publishing Co.},
volume 		= {12},
number 		= {1-2},
pages 		= {125-141},
year 			= {2002},
}

@article{teste2,
author 		= {Nina Amenta and Sunghee Choi and Tamal K. Dey and N. Leekha},
title 		= {A Simple Algorithm for Homeomorphic Surface Reconstruction},
journal 	= {International Journal of Computational Geometry and Applications},
publisher = {World Scientific Publishing Co.},
volume 		= {12},
number 		= {1-2},
pages 		= {125-141},
year 			= {2002},
}

@article{teste3,
author 		= {Nina Amenta and Sunghee Choi and Tamal K. Dey and N. Leekha},
title 		= {A Simple Algorithm for Homeomorphic Surface Reconstruction},
journal 	= {International Journal of Computational Geometry and Applications},
publisher = {World Scientific Publishing Co.},
volume 		= {12},
number 		= {1-2},
pages 		= {125-141},
year 			= {2002},
}

@article{temp1,
author 		= {},
title 		= {},
journal 	= {},
publisher = {},
volume 		= {},
number 		= {},
pages 		= {},
year 			= {},
}

@book{temp2,
author    = {},
title     = {},
edition   = {},
publisher = {},
year      = {}
}

@InBook{temp3,
author 		= {},
title 		= {},
booktitle	= {},
publisher	= {},
year 			= {},
chapter 	= {},
pages 		= {}
}

@inproceedings{temp4,
author    = {},
title     = {},
editor    = {},
booktitle = {},
publisher = {},
year      = {},
pages     = {}
}

@phdthesis{temp6,
author 		= {f},
title  		= {},
school 		= {},
year   		= {}
}

@mastersthesis{temp7,
author 		= {},
title  		= {},
school 		= {},
year   		= {}
}

@TechReport{temp8,
author 		= {},
title 		= {},
year 			= {}
}

@misc{temp9,
author 		= {},
title 		= {},
year 			= {},
url 			= {} 
}
